877 1275
248 97 344 109 nou-euru«.
359 101 377 104 —
391 96 423 108 eir.
438 97 481 109 mu.
629 91 648 107 ⁴37

80 127 135 147 seulis;
145 127 181 144 bine
195 127 282 149 trequentes
296 127 317 144 ab
329 128 419 149 argumento
431 126 536 149 digressiones
549 128 651 150 inopiuaeque

80 156 179 174 transitiones
192 161 232 178 quae
244 155 334 178 plerumque
345 155 415 173 ordinem
427 156 522 173 tractationis
530 156 609 179 introspiei
621 161 651 174 non

80 186 138 203 sinunt.
148 184 172 202 Ea
180 184 268 202 facultatum
276 185 365 207 temperatio
373 186 447 207 quantum
457 184 477 202 ab
489 184 565 207 aequabili
574 187 620 207 atque
628 185 651 202 bi-

81 215 138 231 storica
146 219 198 231 rerum
206 214 300 236 expositione
307 213 396 234 abhorreat,
405 218 450 231 nemo
458 218 488 231 non
497 213 544 231 videt>
556 213 576 231 Et
584 219 621 231 sane
629 214 651 231 ta-

81 245 112 263 cta,
121 243 141 260 de
146 242 202 266 quibus
210 243 248 260 torte
256 242 310 260 incidit
317 248 368 260 sermo
377 243 392 260 iu
402 242 492 260 Tertulliani
500 242 550 263 libris,
562 242 586 260 vel
598 242 652 260 adum-

81 271 147 289 brantur
158 271 235 289 levissime
247 271 272 289 vet
283 271 380 289 subobscure
391 276 410 289 ae
421 272 484 291 caesim,
495 273 512 288 ut
523 270 543 288 ab
555 271 651 293 indignante,

81 301 163 318 iaciuntur.
179 300 296 318 Haeretieorum
310 305 346 318 vero
359 302 386 318 aut
399 300 524 323 pbilosophorum
539 300 595 323 placita
608 301 652 318 novis

81 329 194 352 quodammodo
202 329 279 347 coloribus
287 335 317 347 nou
326 331 357 347 tam
365 329 447 350 illustrata,
456 334 503 352 quam
511 330 571 347 variata
578 329 653 347 exbiben-

82 360 112 375 tur.
123 358 147 375 Ad
155 358 193 376 haee
206 359 287 381 insigniter
300 359 357 376 eminet
369 359 384 376 in
392 358 481 376 Tertulliani
489 359 551 381 seriptis
559 358 653 376 centrm‘om'ae

82 386 124 409 filius
132 387 204 410 idemque
212 388 236 405 vir
243 388 270 410 qui
278 387 360 410 plurimam
366 388 381 405 in
388 388 421 405 iure
429 387 538 410 civilioperam
543 388 600 410 posuit.
608 387 652 408 Quod

82 415 165 433 translatae
173 417 232 439 passim
239 421 248 434 e
256 416 307 434 medio
314 417 347 434 toro
359 419 385 434 aut
393 422 402 434 e
410 421 427 434 re
439 416 501 434 militari
510 416 529 434 ad
538 422 571 434 rem
583 416 654 434 christia-

83 450 119 462 nam
126 445 211 463 locutiones
221 445 309 463 ostendunt.
320 445 364 463 Adeo
374 446 447 463 nimirum
455 446 514 463 romani
524 446 563 463 iuris
573 450 653 463 romanae-

83 479 113 497 que
125 474 188 492 militiae
200 476 275 493 severitas
287 480 323 493 cum
331 476 425 493 institutione
433 477 478 498 atque
492 475 554 497 ingenio
565 474 607 492 illius
615 475 654 492 scri-

84 504 132 525 ptoris
139 503 239 526 congruebat.
247 514 269 517 —
274 504 298 521 Ex
304 504 416 527 breviloquenti
424 504 454 522 hac
460 504 575 526 peregrinitate,
582 508 622 527 quae
628 504 654 521 vix

84 532 130 550 ullam
138 537 157 550 ex
165 533 220 550 ordine
227 533 277 551 lucem
286 535 368 554 mutuatur,
378 534 447 551 oriuntm·
455 533 490 550 illae
498 534 572 550 orationis
580 534 626 555 quasi
632 535 654 550 te—

84 561 141 579 nebrae
149 567 188 584 quae
202 563 261 584 passim
272 562 361 579 Tertulliani
374 567 421 585 opera
433 561 518 579 invehunt.
532 562 602 584 Namque
613 561 654 579 illius

84 589 149 607 elocutio
160 592 221 613 praeter
235 590 297 608 rnodum
309 590 377 608 diffinitis
390 592 436 613 atque
444 590 511 608 obseura
524 591 562 613 ipsis
575 590 654 608 veteribus

84 621 108 637 est
115 620 150 637 visa
159 619 177 637 ¹:
190 624 238 643 quare
245 625 275 637 non
289 622 313 637 est
320 622 337 637 ut
350 620 438 637 huiusmodi
446 620 555 637 obscuritatem
567 621 655 642 repetamus

85 653 104 666 ex
112 653 142 666 non
155 649 194 666 satis
203 653 277 671 expressa
284 649 361 666 mentione
373 653 425 666 rerum
437 653 477 671 quae
485 648 530 666 uobis
538 649 600 670 ignotae
612 649 653 667 sunt,

84 682 132 700 quum
139 677 229 695 Tertulliani
236 677 327 700 aequalibus
335 679 387 701 essent
394 679 488 700 oompertae.
497 677 531 695 Boc
539 679 590 695 autem
599 677 655 694 oratio-

84 707 109 724 nis
117 708 177 727 u'tium,
192 706 233 729 quod
241 711 260 724 ex
271 707 305 729 ipsa
312 706 389 729 cogitandi
397 711 416 732 ae
429 706 506 724 sentiendi
514 707 572 729 ratione
583 706 655 729 primitus

86 735 156 753 obortum
169 737 204 756 est,
216 736 264 753 fastus
277 735 333 753 deinde
344 736 438 756 accessione,
454 736 529 753 fanaticae
542 735 655 758 superstitionis

85 765 175 786 patrocinio,
190 765 263 782 diuturna
276 765 346 782 veritatis
360 765 474 787 oppugnatione
486 765 536 787 magis
547 764 629 786 magisque
640 764 655 781 in

86 791 178 810 Tertulliano
185 793 253 811 inolevit>
263 792 297 814 Quo
305 794 401 816 praestituto,
410 793 513 811 concedamus
520 793 562 812 lieet,
571 792 654 810 discrimen

87 821 148 844 aliquod
156 826 175 838 ex
182 824 254 844 proveeta
262 823 342 845 seripturis
349 824 406 842 aetate.
415 827 435 840 ex
442 823 501 840 ratione
508 823 566 844 operis,
576 826 595 839 ex
603 822 655 844 graeci

86 851 162 867 sermonis
169 855 198 867 usu
210 851 249 868 inter
260 851 300 868 bane
308 851 392 869 haereseon
403 851 510 868 refutationem
522 855 541 868 ac
548 852 584 868 nota
596 850 655 868 Tertul-

86 878 123 896 liani
128 878 202 901 opuscula
207 879 301 898 intercedere
305 879 378 897 debuisse
384 886 387 896 :
395 884 494 902 quamquam,
499 881 516 897 ut
520 879 570 897 obiter
575 879 590 896 id
597 881 653 899 notem,

86 908 101 925 in
109 907 162 925 latinis
169 909 215 925 etiarn
223 908 296 931 operibus
304 909 337 926 ater
345 908 370 925 ille
378 909 470 931 saepissime
478 909 569 930 graeeisseti
585 907 623 925 lllud
633 910 656 926 ta-

87 941 122 954 men
136 938 186 954 raturn
198 942 233 954 esse
240 937 292 958 debet,
306 942 356 960 neque
368 937 444 954 sentiendi
452 938 467 954 et
475 937 553 960 oogitandi
567 937 642 954 rationem
650 951 654 957 ,

87 970 136 988 neque
150 965 239 983 elocutionis
251 965 327 987 babitum,
333 966 405 984 diuturna
416 966 526 984 consuetudine
539 966 653 985 confirmatum,

86 999 113 1016 per
124 996 219 1012 senectutem
231 996 258 1012 aut
271 995 373 1017 quorumlibet
386 995 492 1012 adiuncturum
501 996 600 1013 variationem
612 996 655 1017 peni-

88 1025 112 1041 tus
120 1024 204 1041 immutari.
214 1023 305 1041 Praesertim
318 1024 358 1046 quod
366 1025 382 1041 iu
394 1026 472 1042 senectute
479 1029 509 1042 non
518 1029 558 1042 nova
571 1024 655 1046 excogitari

110 1086 115 1099 1
125 1085 194 1100 Lacum.
200 1093 208 1096 -
215 1085 249 1100 hut.
257 1085 284 1100 din
294 1085 308 1102 V,
315 1086 321 1100 1
328 1090 332 1102 ;
342 1085 401 1100 Ιίῐιιιιιί4
408 1093 414 1096 -
421 1085 446 1104 Bp.
456 1086 498 1100 xmx
503 1086 521 1100 ad
528 1085 581 1100 Panna.
